@book{Balanis_2012,
  author = {Balanis, Constantine A},
  keywords = {Antenna Textbook},
  publisher = {Wiley-Interscience},
  title = {Antenna theory: analysis and design},
  year = 2005
}

@book{Stutzman_1998,
  author = {Stutzman, Warren L and Thiele, Gary A},
  keywords = {Antenna Textbook},
  publisher = {John Wiley \& Sons},
  title = {Antenna theory and design},
  year = 1998
}

@book{Kraus-2002-AntennasB,
  author = {Kraus, John D and Marhefka, Ronald J},
  keywords = {Antenna Textbook},
  publisher = {McGraw-Hill},
  title = {Antenna for all applications},
  year = 2002
}
