@book{Griffiths_2023,
    place={Cambridge},
    edition={5},
    title={Introduction to Electrodynamics},
    publisher={Cambridge University Press},
    author={Griffiths, David J.},
    year={2023} 
}

@book{Purcell_Morin_2013, 
    place={Cambridge},
    edition={3},
    title={Electricity and Magnetism},
    publisher={Cambridge University Press},
    author={Purcell, Edward M. and Morin, David J.},
    year={2013}
} 

@book{Jackson_1998,
    edition = {3},
    author = {John David Jackson},
    title = {Classical Electrodynamics},
    publisher = {John Wiley \& Sons},
    year = {1998}
}

@book{Landau_1984,
  added-at = {2008-06-25T19:30:29.000+0200},
  address = {New York},
  author = {Landau, L. D. and Lifshitz, E. M.},
  biburl = {https://www.bibsonomy.org/bibtex/2ab2ff6f59a8aa11c5d443577a2aca1fd/jgl},
  citeulike-article-id = {2844694},
  comment = {Mezzi Continui},
  interhash = {18bafdab75e26f442cc35b3d103e7e1d},
  intrahash = {ab2ff6f59a8aa11c5d443577a2aca1fd},
  keywords = {frustrated-phase-separation, theory},
  posted-at = {2008-05-29 16:01:54},
  priority = {2},
  publisher = {Pergamon},
  timestamp = {2008-06-25T19:30:47.000+0200},
  title = {Electrodynamics of Continuous Media},
  year = 1984
}
